@inproceedings{xumining,
    author = {Jiayu Xu and Shifeng Chen and Like Zhang and Junle Wang},
    title = {Linup Mining and Balance Analysis of Auto Battler},
    booktitle = {6th International Conference on Computer and Communications},
    publisher = {IEEE},
    year = {2020},
}
