%%%%%%%%%%%%%%%%%%%%%%%%%%%%%%%%%%%
%%%%%%% Research to Cite %%%%%%%%%%
%%%%%%%%%%%%%%%%%%%%%%%%%%%%%%%%%%%

@inproceedings{tencent_autobattle_lineup,
title={Lineup Mining and Balance Analysis of Auto Battler},
author={Xu, Jiayu and Chen, Shifeng and Zhang, Like and Wang, Junle},
booktitle={Proceedings of the IEEE Sixth International Conference on Computer and Communications},
year={2020},
address={Chengdu, China},
pages={2300--2307}
}

@misc{blizzard-gamebalancetalk-keg2019,
title={Better Games through Data: {H}ow {B}lizzard Uses Data Science for Epic Experiences},
author={Zook, Alex},
year={2019},
month=jan,
day={27},
location={Honolulu, Hawai'i, USA},
howpublished={Recording available at \url{https://youtu.be/_YSYVRdzUkE?t=2636}},
note = {Last accessed September 4, 2021},
}

@incollection{nce-gameAIpro2,
  author      = {Nguyen, Truong-Huy D. and Chen, Zhengxing and Seif El-Nasr, Magy},
  title       = {Analytics-Based AI Techniques for a Better Gaming Experience},
  editor      = {Rabin, Steve},
  booktitle   = {Game {AI} Pro 2: {C}ollected Wisdom of Game {AI} Professionals},
  publisher   = {A. K. Peters, Ltd. / CRC Press},
  address     = {New York},
  year        = {2015},
  pages       = {481--500},
  chapter     = {39},
}

@article{alphago,
  author={Silver, David and Huang, Aja and Maddison, Chris J. and Guez, Arthur and Sifre, Laurent and van den Driessche, George and Schrittwieser, Julian and Antonoglou, Ioannis and Panneershelvam, Veda and Lanctot, Marc and Dieleman, Sander and Grewe, Dominik and Nham, John and Kalchbrenner, Nal and Sutskever, Ilya and Lillicrap, Timothy and Leach, Madeleine and Kavukcuoglu, Koray and Graepel, Thore and Hassabis, Demis},
  journal={Nature}, 
  title={Mastering the Game of {G}o with Deep Neural Networks and Tree Search}, 
  year={2016},
  volume={529},
  pages={484--489},
  doi={10.1038/nature16961},
  url = {https://storage.googleapis.com/deepmind-media/alphago/AlphaGoNaturePaper.pdf}
}

@misc{chimera-mlagent,
  author =   {Kim, Ji Hun and Wu, Richard},
  title =    {Leveraging Machine Learning for Game Development},
  howpublished = {\url{https://ai.googleblog.com/2021/03/leveraging-machine-learning-for-game.html}},
  month =    {March},
  day =      {19},
  year =     {2021}
}

@misc{gad2021pygad,

      title={PyGAD: An Intuitive Genetic Algorithm Python Library},

      author={Ahmed Fawzy Gad},

      year={2021},

      eprint={2106.06158},

      archivePrefix={arXiv},

      primaryClass={cs.NE}

}

%%%%%%%%%%%%%%%%%%%%%%%%%%%%%%%%%%%%
%%%%%%%%% Games to Cite %%%%%%%%%%%%
%%%%%%%%%%%%%%%%%%%%%%%%%%%%%%%%%%%%

%{\url{https://steamcommunity.com/sharedfiles/filedetails/?id=1613886175}}
@misc{autochess,
  author =   {{Drodo Studio}},
  title =    {{A}uto {C}hess--{O}fficial {W}ebsite},
  howpublished = {\url{https://ac.dragonest.com/en}},
  year =     {2019},
  note = {Retrieved September 4, 2021}
}

@misc{storybook-brawl,
  author =   {{Good Luck Games}},
  title =    {{S}torybook {B}rawl},
  howpublished = {\url{https://storybookbrawl.com/}},
  year =     {2021},
  note = {Retrieved September 4, 2021}
}

%https://playhearthstone.com/en-us/battlegrounds/
@misc{hearthstone-battlegrounds,
  author =   {{Blizzard Entertainment}},
  title =    {{I}ntroducing {H}earthstone {B}attlegrounds},
  howpublished = {\url{https://playhearthstone.com/en-us/news/23156373}},
  month =    nov,
  day =      {1},
  year =     {2019},
  note = {Retrieved September 4, 2021}
}

@misc{magic-the-gathering,
  author =   {{Wizards of the Coast}},
  title =    {{M}agic: {T}he {G}athering $|$ {O}fficial Site for {MTG} News, Sets, and Events},
  howpublished = {\url{https://magic.wizards.com/en}},
  year =     {n.d.},
  note = {Retrieved September 4, 2021}
}

@misc{throne-of-eldraine,
  author = {{Wizards of the Coast}},
  title = {{T}hrone of {E}ldrane $|$ {M}agic: {T}he {G}athering},
  howpublished = {\url{https://magic.wizards.com/en/products/throne-of-eldraine}},
  year = {2019},
  note = {Retrieved September 6, 2021}
}

@misc{ikoria-lair-of-behemoths,
  author = {{Wizards of the Coast}},
  title = {{I}koria: {L}air of {B}ehemoths $|$ {M}agic: {T}he {G}athering},
  howpublished = {\url{https://magic.wizards.com/en/products/throne-of-eldraine}},
  year = {2020},
  note = {Retrieved September 6, 2021}
}

@misc{pokemon-tcg,
  author =   {{The Pok\'{e}mon Company}},
  title =    {{P}ok\'{e}mon {T}rading {C}ard {G}ame $|$ {P}okemon.com},
  howpublished = {\url{https://www.pokemon.com/us/pokemon-tcg/}},
  year =     {n.d.},
  note = {Retrieved September 4, 2021}
}

@misc{yugioh-tcg,
  author =   {{Konami}},
  title =    {{Y}u-{G}i-{O}h! {T}rading {C}ard {G}ame},
  howpublished = {\url{https://www.yugioh-card.com/en/}},
  year =     {n.d.},
  note = {Retrieved September 4, 2021}
}

@misc{oko-meta-ban,
  author =   {u\backslash{I\_ONLY\_PLAY\_4C\_LOAM}},
  title =    {{O}ko and {A}strolabe should be banned},
  howpublished = {\url{https://www.reddit.com/r/MTGLegacy/comments/eo851f/oko_and_astrolabe_should_be_banned/}},
  year =     {2019},
  note = {Retrieved September 4, 2021}
}

@misc{oko-meta-drama,
  author =   {Triske},
  title =    {[{M}agic: {T}he {G}athering] {C}ome All Ye {C}hristians and Learn of a Sinner: {T}his Guy, {O}ko},
  howpublished = {\url{https://www.reddit.com/r/HobbyDrama/comments/do8v2j/magic_the_gathering_come_all_ye_christians_and/}},
  year =     {2019},
  note = {Retrieved September 4, 2021}
}

@misc{mtg-bnr-aug-2020,
  author = {Duke, Ian},
  title = {August 3, 2020 Banned and Restricted Announcement},
  howpublished = {\url{https://magic.wizards.com/en/articles/archive/news/august-8-2020-banned-and-restricted-announcement}},
  date = {2020-08-03},
  note = {Retrieved September 6, 2021}
}

% this is the one with the companion rules change
@misc{mtg-bnr-jun-2020,
  author = {Duke, Ian},
  title = {June 1, 2020 Banned and Restricted Announcement},
  howpublished = {\url{https://magic.wizards.com/en/articles/archive/news/june-1-2020-banned-and-restricted-announcement}},
  date = {2020-06-01},
  note = {Retrieved September 6, 2021}
}

@misc{mtg-bnr-nov-2019,
  author = {Duke, Ian},
  title = {November 18, 2019 Banned and Restricted Announcement},
  howpublished = {\url{https://magic.wizards.com/en/articles/archive/news/november-18-2019-banned-and-restricted-announcement}},
  date = {2019-11-18},
  note = {Retrieved September 6, 2021}
}

@misc{mtg-banlist,
  author = {{Wizards of the Coast}},
  title = {Banned and Restricted Lists},
  howpublished = {\url{https://magic.wizards.com/en/game-info/gameplay/rules-and-formats/banned-restricted}},
  date = {n.d.},
  note = {Retrieved September 6, 2021}
}

@misc{autobattler-popularity,
  author =   {Grayson, Nathan},
  title =    {A Guide to {A}uto {C}hess, 2019's Most Popular New Game Genre},
  howpublished = {\url{https://kotaku.com/a-guide-to-auto-chess-2019-s-most-popular-new-game-gen-1835820155}},
  year =     {2019},
  month = jun,
  day = {25},
  note = {Retrieved September 4, 2021}
}

@misc{tcgplayer-bans-financial-impact,
  author = {LaBelle, Cassie},
  publisher = {{TCGPlayer Infinite}},
  title = {A Look Back – And Ahead – At The Financial Impact of Bans},
  date = {2020-04-12},
  howpublished = {\url{https://infinite.tcgplayer.com/article/A-Look-Back-%E2%80%93-And-Ahead-%E2%80%93-At-The-Financial-Impact-of-Bans/1de8346c-a3ef-481a-8ff0-c5b9ca980a3f/}},
  note = {Retrieved September 6, 2021}
}

@misc{lsv-eldraine-complaints,
  author = {Scott-Vargas, Luis},
  title = {Luis Scott-Vargas on Twitter: "Is Throne of Eldraine really legal for another year? It feels like it's dominated Standard for years already..." / Twitter},
  date = {2020-12-17},
  howpublished = {\url{https://twitter.com/lsv/status/1339644691378282496?lang=en}},
  note = {Retrieved September 6, 2021}
}

@misc{maro-no-power-errata-doubling-season,
  author = {Rosewater, Mark},
  title = {Why can't you just reprint Doubling Season with...},
  date = {2012-03-22},
  howpublished = {\url{https://markrosewater.tumblr.com/post/19734914351/why-cant-you-just-reprint-doubling-season-with}},
  note = {Retrieved September 6, 2021}
}

@misc{maro-no-power-errata-kindle,
  author = {Rosewater, Mark},
  title = {Pleading again for the nth time: Can you please...},
  date = {2012-10-23},
  howpublished = {\url{https://markrosewater.tumblr.com/post/34175892070/pleading-again-for-the-nth-time-can-you-please}},
  note = {Retrieved September 6, 2021}
}

@misc{designing-hod-ffl,
  author = {DeTora, Melissa},
  title = {Designing Hour of Devastation Cards to Meet FFL Goals},
  date = {2017-07-07},
  howpublished = {\url{https://magic.wizards.com/en/articles/archive/play-design/designing-hour-devastation-cards-meet-ffl-goals-2017-07-07}},
  note = {Retrieved September 6, 2021}
}
